@article{杨剑2009预应力超高性能混凝土梁的受弯性能研究,
  title={预应力超高性能混凝土梁的受弯性能研究},
  author={杨剑 and 方志},
  journal={中國公路學報},
  volume={22},
  number={1},
  pages={39--46},
  year={2009},
  publisher={中國公路學報編輯部}
}
@article{Sedran1994Optimization,
  title={Optimization of ultra-high-performance concrete by the use of a packing model},
  author={Sedran, F. De Larrardt.},
  journal={Cement & Concrete Research},
  volume={24},
  number={6},
  pages={997-1009},
  year={1994},
}
@article{阎培渝2010超高性能混凝土,
  title={超高性能混凝土(UHPC)的发展与现状},
  author={阎培渝},
  journal={混凝土世界},
  number={9},
  pages={36-41},
  year={2010},
}
@article{walraven2009high,
  title={High performance concrete: a material with a large potential},
  author={Walraven, Joost},
  journal={Journal of Advanced Concrete Technology},
  volume={7},
  number={2},
  pages={145--156},
  year={2009},
  publisher={Japan Concrete Institute}
}
@article{陈宝春2014超高性能混凝土研究综述,
  title={超高性能混凝土研究综述},
  author={陈宝春 and 季韬 and 黄卿维 and 吴怀中 and 丁庆军 and 詹颖雯},
  journal={建筑科学与工程学报},
  volume={31},
  number={3},
  pages={1--24},
  year={2014}
}
@article{王德辉2016超高性能混凝土在中国的研究和应用,
  title={超高性能混凝土在中国的研究和应用},
  author={王德辉 and 史才军 and 吴林妹},
  journal={硅酸盐通报},
  volume={35},
  number={1},
  pages={141-149},
  year={2016},
}
@article{杜任远2013活性粉末混凝土桥梁应用与研究,
  title={活性粉末混凝土桥梁应用与研究},
  author={杜任远 and 黄卿维 and 陈宝春},
  journal={世界桥梁},
  volume={41},
  number={1},
  pages={69-74},
  year={2013},
}
@phdthesis{金凌志2013高强钢筋活性粉末混凝土简支梁受剪性能试验研究,
  title={高强钢筋活性粉末混凝土简支梁受剪性能试验研究},
  author={金凌志 and 祁凯能 and 曹霞},
  year={2013}
}
@inproceedings{余自若2004铁路,
  title={铁路RPC箱梁抗弯性能试验研究},
  author={余自若 and 阎贵平 and 唐国栋 and 程俊瑞},
  booktitle={全国纤维混凝土学术会议},
  year={2004},
}
@article{邵旭东2013超大跨径单向预应力,
  title={超大跨径单向预应力UHPC连续箱梁桥概念设计与初步实验},
  author={邵旭东 and 詹豪 and 雷薇 and 张哲},
  journal={土木工程学报},
  number={8},
  pages={83-89},
  year={2013},
}
@article{voo2006shear,
  title={Shear strength of fiber reinforced reactive powder concrete prestressed girders without stirrups},
  author={Voo, Yen Lei and Foster, Stephen J and Gilbert, R Ian},
  journal={Journal of Advanced Concrete Technology},
  volume={4},
  number={1},
  pages={123--132},
  year={2006},
  publisher={Japan Concrete Institute}
}
@article{李立峰2018br,
  title={\# br\# 大比例预应力 UHPC-T 形梁抗弯性能试验研究},
  author={李立峰 and 范昕 and 石雄伟 and 邵旭东},
  journal={土木工程学报},
  volume={51},
  number={5},
  pages={84--94},
  year={2018}
}
@article{邓宗才2015高强钢筋,
  title={高强钢筋UHPC梁抗弯性能试验研究与理论分析},
  author={邓宗才 and 王义超 and 肖锐 and 兰明章 and 陈兴伟},
  journal={应用基础与工程科学学报},
  number={1},
  pages={68-78},
  year={2015},
}
@phdthesis{傅元方2016UHPC,
  title={UHPC梁受弯性能研究},
  author={傅元方},
  year={2016},
}
@article{2019钢纤维掺量对,
  title={钢纤维掺量对R-UHPC梁受弯性能影响的研究},
  journal={宁夏大学学报(自然科学版)},
  volume={40},
  number={2},
  pages={130-136},
  year={2019},
}
@article{2019配筋超高性能混凝土梁受弯性能及承载力研究,
  title={配筋超高性能混凝土梁受弯性能及承载力研究},
  journal={工程力学},
  volume={36},
  number={5},
  pages={113-122},
  year={2019},
}
@article{司金艳2018hrb500,
  title={HRB500 钢筋与 UHPC 矩形梁抗弯性能分析},
  author={司金艳 and 薛会青 and 宋浩 and 范良 and 龙佩恒 and others},
  journal={特种结构},
  number={2018 年 02},
  pages={7--13},
  year={2018},
  publisher={北京市市政工程设计研究总院}
}
@article{徐海宾2014预应力超高性能钢纤维混凝土梁受弯性能试验研究,
  title={预应力超高性能钢纤维混凝土梁受弯性能试验研究},
  author={徐海宾 and 邓宗才 and XUHaibin and DENGZongcai},
  journal={建筑结构学报},
  volume={35},
  number={12},
  pages={58-64},
  year={2014},
}
@article{2018超高性能混凝土有腹筋梁受剪性能及受剪承载力研究,
  title={超高性能混凝土有腹筋梁受剪性能及受剪承载力研究},
  journal={土木工程学报},
  volume={51},
  number={10},
  pages={60-71},
  year={2018},
}
@article{徐海宾2015超高性能混凝土梁抗剪承载力计算方法,
  title={超高性能混凝土梁抗剪承载力计算方法},
  author={徐海宾 and 邓宗才},
  journal={华中科技大学学报(自然科学版)},
  number={7},
  pages={24-28},
  year={2015},
}
@article{金凌志2015拉,
  title={拉-压杆模型RPC梁抗剪承载力试验研究},
  author={金凌志 and 张猛},
  journal={广西大学学报(自然科学版)},
  number={5},
  pages={1060-1067},
  year={2015},
}
@article{马熙伦2017r,
  title={R-UHPC 梁的抗剪承载力计算方法},
  author={马熙伦 and 陈宝春 and 杨艳 and 黄卿维 and 苏家战 and 吴前文 and 沈秀将},
  journal={交通运输工程学报},
  volume={17},
  number={5},
  pages={16--26},
  year={2017}
}
@article{刘钊2008拉压杆模型在混凝土梁桥中应用与研究进展,
  title={拉压杆模型在混凝土梁桥中应用与研究进展},
  author={刘钊 and 吕志涛 and 惠卓 and 王景全 and 贺志启},
  journal={中国工程科学},
  volume={10},
  number={10},
  pages={14-21},
  year={2008},
}
@misc{刘鸿文2011材,
  title={材 料 力 学 I (第 五 版)},
  author={刘鸿文},
  year={2011},
  publisher={北京: 高等教育出版社}
}
@article{丁艳梅2009钢筋混凝土梁斜截面受剪承载力统一计算公式的研究,
  title={钢筋混凝土梁斜截面受剪承载力统一计算公式的研究},
  author={丁艳梅 and 侯建国 and 肖望强},
  journal={武汉大学学报(工学版)},
  number={s1},
  pages={198-202},
  year={2009},
}
@misc{叶见曙1997结构设计原理,
  title={结构设计原理},
  author={叶见曙 and others},
  year={1997},
  publisher={北京: 人民交通出版社}
}